<record><leader>00000cas a2200000 a 4500</leader><controlfield tag="001">6168751</controlfield><controlfield tag="008">800404d19691981mtuwr ne      0    0eng c</controlfield><datafield ind1=" " ind2=" " tag="010"><subfield code="a">sn 93050702 </subfield></datafield><datafield ind1=" " ind2=" " tag="040"><subfield code="a">GZN</subfield><subfield code="b">eng</subfield><subfield code="c">GZN</subfield><subfield code="d">ANU</subfield><subfield code="d">OCL</subfield><subfield code="d">NYS</subfield><subfield code="d">IUL</subfield><subfield code="d">GBVCP</subfield><subfield code="d">OCLCQ</subfield><subfield code="d">OCLCO</subfield><subfield code="d">OCLCQ</subfield><subfield code="d">OCLCF</subfield><subfield code="d">MTG</subfield></datafield><datafield ind1=" " ind2=" " tag="015"><subfield code="a">015693716</subfield><subfield code="2">dnb</subfield></datafield><datafield ind1=" " ind2=" " tag="015"><subfield code="a">015693686</subfield><subfield code="2">dnb</subfield></datafield><datafield ind1="7" ind2=" " tag="016"><subfield code="a">1037135-7</subfield><subfield code="2">DE-600</subfield></datafield><datafield ind1="7" ind2=" " tag="016"><subfield code="a">015693716</subfield><subfield code="2">DE-101</subfield></datafield><datafield ind1="7" ind2=" " tag="016"><subfield code="a">1037132-1</subfield><subfield code="2">DE-600</subfield></datafield><datafield ind1="7" ind2=" " tag="016"><subfield code="a">015693686</subfield><subfield code="2">de-101</subfield></datafield><datafield ind1="7" ind2=" " tag="016"><subfield code="a">10371321</subfield><subfield code="2">de-600</subfield></datafield><datafield ind1=" " ind2=" " tag="019"><subfield code="a">6168768</subfield></datafield><datafield ind1="1" ind2=" " tag="029"><subfield code="a">AU@</subfield><subfield code="b">000023190654</subfield></datafield><datafield ind1="1" ind2=" " tag="029"><subfield code="a">GBVCP</subfield><subfield code="b">170295745</subfield></datafield><datafield ind1="1" ind2=" " tag="029"><subfield code="a">GBVCP</subfield><subfield code="b">170295710</subfield></datafield><datafield ind1=" " ind2=" " tag="042"><subfield code="a">pcc</subfield></datafield><datafield ind1=" " ind2=" " tag="043"><subfield code="a">n-us-mt</subfield></datafield><datafield ind1="1" ind2="4" tag="050"><subfield code="a">E78.M9</subfield><subfield code="b">F67</subfield></datafield><datafield ind1="0" ind2="4" tag="245"><subfield code="a">The Fort Belknap camp crier.</subfield></datafield><datafield ind1="1" ind2="3" tag="246"><subfield code="a">Camp crier</subfield></datafield><datafield ind1=" " ind2=" " tag="260"><subfield code="a">Harlem, Mont. :</subfield><subfield code="b">Ft. Belknap Agency</subfield></datafield><datafield ind1=" " ind2=" " tag="300"><subfield code="a">12 v. :</subfield><subfield code="b">ill. ;</subfield><subfield code="c">36 cm.</subfield></datafield><datafield ind1=" " ind2=" " tag="310"><subfield code="a">Weekly</subfield></datafield><datafield ind1="1" ind2=" " tag="362"><subfield code="a">Began in 1969; ceased with vol. 12, no. 21 (May 21, 1981).</subfield></datafield><datafield ind1=" " ind2=" " tag="500"><subfield code="a">Most issues, July 3, 1970-Dec. 19, 1975, published as: Camp crier.</subfield></datafield><datafield ind1=" " ind2=" " tag="500"><subfield code="a">Occasional issues lack masthead title.</subfield></datafield><datafield ind1=" " ind2=" " tag="515"><subfield code="a">Issues change from vol. 5-v. 6 in midyear 1973 with no. 14; vol. 6, no. 51 (1973) mislabled v. 7, no. 51; issues for 1974 called v. 8; vol. 7 repeated in numbering and used for both 1975 and 1976 issues.</subfield></datafield><datafield ind1=" " ind2=" " tag="530"><subfield code="a">Also issued on microfiche from Clearwater Pub. Co.</subfield></datafield><datafield ind1=" " ind2=" " tag="588"><subfield code="a">Description based on: Vol. 1, no. 9 (Nov. 15, 1969); title from caption.</subfield></datafield><datafield ind1=" " ind2=" " tag="588"><subfield code="a">Latest issue consulted: Vol. 7, no. 53 (Dec. 30, 1976).</subfield></datafield><datafield ind1=" " ind2="0" tag="650"><subfield code="a">Assiniboine Indians</subfield><subfield code="v">Newspapers.</subfield></datafield><datafield ind1=" " ind2="0" tag="650"><subfield code="a">Gros Ventre Indians (Mont.)</subfield><subfield code="v">Newspapers.</subfield></datafield><datafield ind1=" " ind2="0" tag="650"><subfield code="a">Indians of North America</subfield><subfield code="z">Montana</subfield><subfield code="v">Newspapers.</subfield></datafield><datafield ind1=" " ind2="0" tag="651"><subfield code="a">Harlem (Mont.)</subfield><subfield code="v">Newspapers.</subfield></datafield><datafield ind1=" " ind2="0" tag="651"><subfield code="a">Blaine County (Mont.)</subfield><subfield code="v">Newspapers.</subfield></datafield><datafield ind1=" " ind2="0" tag="651"><subfield code="a">Fort Belknap Indian Reservation (Mont.)</subfield><subfield code="v">Newspapers.</subfield></datafield><datafield ind1=" " ind2="7" tag="650"><subfield code="a">Assiniboine Indians.</subfield><subfield code="2">fast</subfield><subfield code="0">(OCoLC)fst00819101</subfield></datafield><datafield ind1=" " ind2="7" tag="650"><subfield code="a">Gros Ventre Indians (Montana)</subfield><subfield code="2">fast</subfield><subfield code="0">(OCoLC)fst01756668</subfield></datafield><datafield ind1=" " ind2="7" tag="650"><subfield code="a">Indians of North America.</subfield><subfield code="2">fast</subfield><subfield code="0">(OCoLC)fst00969633</subfield></datafield><datafield ind1=" " ind2="7" tag="651"><subfield code="a">Montana.</subfield><subfield code="2">fast</subfield><subfield code="0">(OCoLC)fst01207555</subfield></datafield><datafield ind1=" " ind2="7" tag="651"><subfield code="a">Montana</subfield><subfield code="z">Fort Belknap Indian Reservation.</subfield><subfield code="2">fast</subfield><subfield code="0">(OCoLC)fst01239601</subfield></datafield><datafield ind1=" " ind2="4" tag="651"><subfield code="a">Fort Belknap Indian Reservation (Mont.)</subfield><subfield code="x">Newspapers.</subfield></datafield><datafield ind1=" " ind2="7" tag="655"><subfield code="a">Periodicals.</subfield><subfield code="2">fast</subfield><subfield code="0">(OCoLC)fst01411641</subfield></datafield><datafield ind1=" " ind2=" " tag="752"><subfield code="a">United States</subfield><subfield code="b">Montana</subfield><subfield code="c">Blaine</subfield><subfield code="d">Harlem.</subfield></datafield><datafield ind1="0" ind2=" " tag="776"><subfield code="c">Microfiche</subfield><subfield code="w">(DLC)  2003238610</subfield><subfield code="w">(OCoLC)8444419</subfield></datafield></record>